%% ORIENTER-NET-META %%
%% ---------------------------------------------------------------

@inproceedings{sarlin2023orienternet,
  author    = {Paul-Edouard Sarlin and
               Daniel DeTone and
               Tsun-Yi Yang and
               Armen Avetisyan and
               Julian Straub and
               Tomasz Malisiewicz and
               Samuel Rota Bulo and
               Richard Newcombe and
               Peter Kontschieder and
               Vasileios Balntas},
  title     = {{OrienterNet: Visual Localization in 2D Public Maps with Neural Matching}},
  booktitle = {CVPR},
  year      = {2023},
}

%% ---------------------------------------------------------------

